% [1]
@report{PM,
  title = {palmerpenguins: Palmer Archipelago (Antarctica) penguin data},
  author = {Allison Marie Horst and Alison Presmanes Hill and Kristen B Gorman},
  year = {2020},
  note = {R package version 0.1.0},
  doi = {10.5281/zenodo.3960218},
  url = {https://allisonhorst.github.io/palmerpenguins/}
}

% [2]
@article{shapiro1965analysis,
  title={An analysis of variance test for normality (complete samples)},
  author={Shapiro, Samuel S and Wilk, Maurice B},
  journal={Biometrika},
  volume={52},
  number={3/4},
  pages={591--611},
  year={1965},
  publisher={Oxford University Press}
}

% [3]
@book{freedman2007statistics,
  title={Statistics},
  author={Freedman, David and Pisani, Robert and Purves, Roger},
  year={2007},
  publisher={W. W. Norton \& Company},
  isbn={978-0393929720}
}

% [4]
@book{hastie2009elements,
  title={The Elements of Statistical Learning: Data Mining, Inference, and Prediction},
  author={Hastie, Trevor and Tibshirani, Robert and Friedman, Jerome},
  year={2009},
  publisher={Springer},
  isbn={978-0387848570}
}

% [5]
@article{he2009learning,
  title={Learning from imbalanced data},
  author={He, Haibo and Ma, Yunqian},
  journal={Knowledge and Data Engineering, IEEE Transactions on},
  volume={21},
  number={9},
  pages={1263--1284},
  year={2009},
  publisher={IEEE}
}

% [6]
 @misc{python311,
  title = {Python 3.11 Documentation},
  author = {{Python Software Foundation}},
  howpublished = {\url{https://docs.python.org/3.11/}},
  year = {2022},
}

% [7]
@software{scikit-learn,
  author = {{scikit-learn contributors}},
  title = {{scikit-learn: Machine Learning in Python}},
  url = {https://scikit-learn.org},
  version = {1.2.2},
  year = {2023}
}

% [8]
@manual{ubuntu,
  title = {{Ubuntu} 20.04.1 LTS},
  author = {{Canonical Ltd.}},
  organization = {Canonical Ltd.},
  address = {London, UK},
  year = {2020},
  url = {https://releases.ubuntu.com/20.04/},
}

% [9]
@software{TimAIRepo,
  author = {Tim Mulvaney},
  title = {{AI coursework repository}},
  url = {https://github.com/timmulvaney/AI},
  howpublished = {\url{https://github.com/timmulvaney/AI/}},
  year = {2024}
}

% [10]
@book{bishop2006pattern,
  title={Pattern Recognition and Machine Learning},
  author={Bishop, Christopher M},
  year={2006},
  publisher={Springer}
}

% [11]
@inproceedings{breiman2001random,
  title={Random Forests},
  author={Breiman, Leo and Cutler, Adele},
  booktitle={Machine Learning},
  volume={45},
  number={1},
  pages={5--32},
  year={2001},
  organization={Springer}
}

% [12]
@book{tan2005introduction,
  title={Introduction to Data Mining},
  author={Tan, Pang-Ning and Steinbach, Michael and Kumar, Vipin},
  year={2005},
  publisher={Pearson Addison Wesley}
}

% [13]
@book{james2013introduction,
  title={An Introduction to Statistical Learning: with Applications in R},
  author={James, Gareth and Witten, Daniela and Hastie, Trevor and Tibshirani, Robert},
  year={2013},
  publisher={Springer}
}

%14
@article{law2003support,
  title={Support Vector Decision Trees for Classification},
  author={Law, Martin and Cohen, Ira and Liu, Cheng-Lin},
  journal={Neural Information Processing - Letters and Reviews},
  volume={2},
  number={4},
  pages={71--76},
  year={2003}
}

@online{Jemielity2019,
  author = {S. Jemielity},
  title = {Health care prediction algorithm biased against black patients, study finds},
  year = {2019},
  note = {[Online]. Available: \url{https://news.uchicago.edu/story/health-care-prediction-algorithm-biased-against-black-patients-study-finds}. [Accessed 27 03 2024]}
}

@article{Ledford2019,
  author = {H. Ledford},
  title = {Millions Affected by Racial Bias in Health-care Algorithm},
  journal = {Nature},
  volume = {574},
  pages = {608--609},
  year = {2019},
  month = {Oct}
}

@book{Lawry2020,
  author = {T. Lawry},
  title = {AI in Health},
  edition = {1st},
  publisher = {CRC Press, Taylor \& Francis Group},
  address = {Boca Raton},
  year = {2020}
}

@article{Seroussi2020,
  author = {B. Séroussi and K. F. Hollis and L. F. Soualmia},
  title = {Transparency of Health Informatics Processes as the Condition of Healthcare Professionals’ and Patients’ Trust and Adoption: the Rise of Ethical Requirements},
  journal = {Yearbook of Medical Informatics},
  volume = {29},
  number = {01},
  pages = {007--010},
  year = {2020}
}

@article{Winter2023,
  author = {P. D. Winter and A. Carusi},
  title = {(De)troubling transparency: {A}rtificial {I}ntelligence ({AI}) for clinical applications},
  journal = {Medical Humanities},
  volume = {49},
  number = {1},
  pages = {17--26},
  year = {2023}
}

@book{Kearns2020,
  author = {M. Kearns and A. Roth},
  title = {The Ethical Algorithm},
  edition = {1st},
  publisher = {Oxford University Press},
  address = {New York},
  year = {2020}
}

@article{Donovan2018,
  author = {J. Donovan and J. Matthews and R. Caplan and L. Hanson},
  title = {Algorithmic Accountability: A Primer},
  address = {Washington},
  year = {2018}
}

@online{EuropeanParliament2023,
  author = {European Parliament},
  title = {EU {AI} Act: first regulation on artificial intelligence},
  year = {2023},
  note = {[Online]. Available: \url{https://www.europarl.europa.eu/topics/en/article/20230601STO93804/eu-ai-act-first-regulation-on-artificial-intelligence}. [Accessed 27 03 2024]}
}

@article{Edwards2021,
  author = {L. Edwards},
  title = {The {EU} {AI} Act: a summary of its significance and scope},
  journal = {Artificial Intelligence (The EU AI Act)},
  volume = {1},
  year = {2021}
}

@article{Obermeyer2019,
  author = {Z. Obermeyer and B. Powers and C. Vogeli and S. Mullainathan},
  title = {Dissecting racial bias in an algorithm used to manage the health of populations},
  journal = {Science},
  volume = {366},
  pages = {447--453},
  year = {2019},
  month = {Oct}
}

@book{Barrat2013,
  author = {J. Barrat},
  title = {Our Final Invention},
  publisher = {Thomas Dunne Books},
  address = {New York},
  year = {2013},
  edition = {1st}
}

@book{Ord2020,
  author = {T. Ord},
  title = {The Precipice: Existential Risk and the Future of Humanity},
  publisher = {Hachette Books},
  address = {New York},
  year = {2020},
  edition = {1st}
}

@article{Grace2018,
  author = {K. Grace and J. Salvatier and A. Dafoe and B. Zhang and O. Evans},
  title = {When Will {AI} Exceed Human Performance? Evidence from {AI} Experts},
  journal = {Journal of Artificial Intelligence Research},
  volume = {62},
  pages = {729--754},
  year = {2018},
  month = jul
}

@article{Welsby2023,
  author = {P. Welsby and B. M. Y. Cheung},
  title = {ChatGPT},
  journal = {Postgraduate Medical Journal},
  volume = {99},
  number = {1176},
  pages = {1047--1048},
  year = {2023}
}

@inproceedings{yampolskiy2016,
    author    = {Yampolskiy, R.V.},
    title     = {Taxonomy of Pathways to Dangerous Artificial Intelligence},
    booktitle = {Workshops at the Thirtieth AAAI Conference on Artificial Intelligence},
    year      = {2016},
    month     = {Mar},
    address   = {Phoenix, Arizona},
}

@book{Cummings2017,
  author = {M. L. Cummings},
  title = {Artificial Intelligence and the Future of Warfare},
  year = {2017},
  publisher = {Chatham House for the Royal Institute of International Affairs},
  address = {London}
}

@online{Atherton2021,
  author = {K. Atherton},
  title = {Brookings: Loitering Munitions Preview the Autonomous Future of Warfare},
  year = {2021},
  note = {[Online]. Available: \url{https://www.brookings.edu/articles/loitering-munitions-preview-the-autonomous-future-of-warfare}. [Accessed 30 03 2024]}
}

@article{BodeWatts2023,
  author = {I. Bode and T. Watts},
  title = {Loitering Munitions and Unpredictability: Autonomy in Weapon Systems and Challenges to Human Control},
  year = {2023},
  address = {Odense},
  publisher = {Center for War Studies}
}

@article{Emery2021,
  author = {R. J. Emery},
  title = {Algorithms, {AI}, and Ethics of War},
  journal = {Peace Review: A Journal of Social Justice},
  volume = {33},
  pages = {205--212},
  year = {2021}
}

@article{Owens1996,
  author = {Owens, D. W. and Parnell, G. S. and Bivins, R. L.},
  title = {Strategic Arms Reduction Treaty (START) Drawdown Analyses},
  journal = {Operations Research},
  volume = {44},
  number = {3},
  pages = {425--434},
  year = {1996}
}

@book{Tegmark2017,
  author = {M. Tegmark},
  title = {Life 3.0: Being Human in the Age of Artificial Intelligence},
  edition = {1st},
  publisher = {Alfred A. Knopf},
  address = {Toronto},
  year = {2017}
}

@misc{CritchKrueger2020,
  author = {A. Critch and D. Krueger},
  title = {A{I} Research Considerations for Human Existential Safety},
  journal = {CoRR},
  volume = {vol. 2006.04948},
  year = {2020}
}

@article{Cihon2019,
  author = {P. Cihon},
  title = {Standards for {AI} Governance: International Standards to Enable Global Coordination in AI Research \& Development},
  year = {2019},
  publisher = {Future of Humanity Institute, University of Oxford}
}

@article{Leslie2019,
  author = {D. Leslie},
  title = {Understanding {A}rtificial {I}ntelligence Ethics and Safety},
  journal = {CoRR},
  volume = {abs/1906.05684},
  year = {2019}
}

@book{Russell2019,
  author = {S. Russell},
  title = {Human Compatible: Artificial Intelligence and the Problem of Control},
  edition = {1st},
  publisher = {Viking},
  address = {New York}
}