% [1]
@report{PM,
  title = {palmerpenguins: Palmer Archipelago (Antarctica) penguin data},
  author = {Allison Marie Horst and Alison Presmanes Hill and Kristen B Gorman},
  year = {2020},
  note = {R package version 0.1.0},
  doi = {10.5281/zenodo.3960218},
  url = {https://allisonhorst.github.io/palmerpenguins/}
}

% [2]
@article{shapiro1965analysis,
  title={An analysis of variance test for normality (complete samples)},
  author={Shapiro, Samuel S and Wilk, Maurice B},
  journal={Biometrika},
  volume={52},
  number={3/4},
  pages={591--611},
  year={1965},
  publisher={Oxford University Press}
}

% [3]
@book{freedman2007statistics,
  title={Statistics},
  author={Freedman, David and Pisani, Robert and Purves, Roger},
  year={2007},
  publisher={W. W. Norton \& Company},
  isbn={978-0393929720}
}

% [4]
@book{hastie2009elements,
  title={The Elements of Statistical Learning: Data Mining, Inference, and Prediction},
  author={Hastie, Trevor and Tibshirani, Robert and Friedman, Jerome},
  year={2009},
  publisher={Springer},
  isbn={978-0387848570}
}

% [5]
@article{he2009learning,
  title={Learning from imbalanced data},
  author={He, Haibo and Ma, Yunqian},
  journal={Knowledge and Data Engineering, IEEE Transactions on},
  volume={21},
  number={9},
  pages={1263--1284},
  year={2009},
  publisher={IEEE}
}

% [6]
 @misc{python311,
  title = {Python 3.11 Documentation},
  author = {{Python Software Foundation}},
  howpublished = {\url{https://docs.python.org/3.11/}},
  year = {2022},
}

% [7]
@software{scikit-learn,
  author = {{scikit-learn contributors}},
  title = {{scikit-learn: Machine Learning in Python}},
  url = {https://scikit-learn.org},
  version = {1.2.2},
  year = {2023}
}

% [8]
@manual{ubuntu,
  title = {{Ubuntu} 20.04.1 LTS},
  author = {{Canonical Ltd.}},
  organization = {Canonical Ltd.},
  address = {London, UK},
  year = {2020},
  url = {https://releases.ubuntu.com/20.04/},
}

% [9]
@software{TimAIRepo,
  author = {Tim Mulvaney},
  title = {{AI coursework repository}},
  url = {https://github.com/timmulvaney/AI},
  year = {2024}
}

% [10]
@book{bishop2006pattern,
  title={Pattern Recognition and Machine Learning},
  author={Bishop, Christopher M},
  year={2006},
  publisher={Springer}
}

% [11]
@inproceedings{breiman2001random,
  title={Random Forests},
  author={Breiman, Leo and Cutler, Adele},
  booktitle={Machine Learning},
  volume={45},
  number={1},
  pages={5--32},
  year={2001},
  organization={Springer}
}

% [12]
@book{tan2005introduction,
  title={Introduction to Data Mining},
  author={Tan, Pang-Ning and Steinbach, Michael and Kumar, Vipin},
  year={2005},
  publisher={Pearson Addison Wesley}
}

% [13]
@book{james2013introduction,
  title={An Introduction to Statistical Learning: with Applications in R},
  author={James, Gareth and Witten, Daniela and Hastie, Trevor and Tibshirani, Robert},
  year={2013},
  publisher={Springer}
}